<record><leader>00000cas a22000007a 4500</leader><controlfield tag="001">13657063</controlfield><controlfield tag="008">860529d19591959mtuwr ne      0    0eng d</controlfield><datafield ind1=" " ind2=" " tag="010"><subfield code="a">sn 86075202 </subfield></datafield><datafield ind1=" " ind2=" " tag="040"><subfield code="a">MTL</subfield><subfield code="b">eng</subfield><subfield code="c">MTL</subfield><subfield code="d">OCLCQ</subfield></datafield><datafield ind1=" " ind2=" " tag="042"><subfield code="a">msc</subfield></datafield><datafield ind1="0" ind2="0" tag="245"><subfield code="a">Malmstrom contact.</subfield></datafield><datafield ind1="1" ind2="7" tag="246"><subfield code="a">Contact</subfield><subfield code="f">Sept. 4-Oct. 23, 1959</subfield></datafield><datafield ind1=" " ind2=" " tag="260"><subfield code="a">Great Falls, Mont. :</subfield><subfield code="b">Contact Pub. Co.,</subfield><subfield code="c">1959.</subfield></datafield><datafield ind1=" " ind2=" " tag="300"><subfield code="a">1 v. :</subfield><subfield code="b">ill.</subfield></datafield><datafield ind1=" " ind2=" " tag="310"><subfield code="a">Weekly</subfield></datafield><datafield ind1="0" ind2=" " tag="362"><subfield code="a">Vol. 1, no. 1 (Sept. 4, 1959)-v. 1, no. 8 (Oct. 23, 1959).</subfield></datafield><datafield ind1=" " ind2=" " tag="500"><subfield code="a">"Aerospace Power for Peace."</subfield></datafield><datafield ind1=" " ind2=" " tag="500"><subfield code="a">Free for Malmstrom Air Force Base.</subfield></datafield><datafield ind1=" " ind2=" " tag="752"><subfield code="a">United States</subfield><subfield code="b">Montana</subfield><subfield code="c">Cascade</subfield><subfield code="d">Great Falls.</subfield></datafield><datafield ind1="0" ind2="0" tag="780"><subfield code="t">Jet line</subfield><subfield code="w">(DLC)sn 86075203</subfield></datafield><datafield ind1="0" ind2="0" tag="785"><subfield code="t">Contact (Great Falls, Mont.)</subfield><subfield code="w">(DLC)sn 86075201</subfield></datafield></record>